<?xml version="1.0" encoding="UTF-8"?>
<collection xmlns:xsi="http://www.w3.org/2001/XMLSchema-instance" xsi:schemaLocation="http://www.loc.gov/MARC21/slim http://www.loc.gov/standards/marcxml/schema/MARC21slim.xsd" xmlns="http://www.loc.gov/MARC21/slim">
<record>
  <leader>01405cam a2200241 a 4500</leader>
  <controlfield tag="001">4825595</controlfield>
  <controlfield tag="003">NNC</controlfield>
  <controlfield tag="005">20130501011930.0</controlfield>
  <controlfield tag="008">920518s1910    ua            000 0 ara d</controlfield>
  <datafield tag="035" ind1=" " ind2=" ">
    <subfield code="a">(OCoLC)25838454</subfield>
  </datafield>
  <datafield tag="035" ind1=" " ind2=" ">
    <subfield code="a">(OCoLC)ocm25838454</subfield>
  </datafield>
  <datafield tag="035" ind1=" " ind2=" ">
    <subfield code="a">(NNC)4825595</subfield>
  </datafield>
  <datafield tag="040" ind1=" " ind2=" ">
    <subfield code="a">Recon MBB</subfield>
    <subfield code="c">MBB</subfield>
  </datafield>
  <datafield tag="100" ind1="0" ind2=" ">
    <subfield code="a">Abū Ḥayyān Muḥammad ibn Yūsuf,</subfield>
    <subfield code="d">1256-1344.</subfield>
  </datafield>
  <datafield tag="240" ind1="0" ind2="0">
    <subfield code="a">Baḥr al-muḥīṭ fī tafsīr al-Qurʼān</subfield>
  </datafield>
  <datafield tag="245" ind1="1" ind2="3">
    <subfield code="a">al-Tafsīr al-kabīr al-musammá bi-al-Baḥr al-muḥīṭ /</subfield>
    <subfield code="c">taʾlīf Abī ʻAbd Allāh Muḥammad ibn Yūsuf ibn ʻAlī ibn Yūsuf ibn Ḥayyān al-Andalusī al-Gharnāṭī al-Jayyānī al-shahīr bi-Abī Ḥayyān.</subfield>
  </datafield>
  <datafield tag="260" ind1=" " ind2=" ">
    <subfield code="a">Miṣr :</subfield>
    <subfield code="b">Maṭbaʻat al-Saʻādah,</subfield>
    <subfield code="c">1328 [1910].</subfield>
  </datafield>
  <datafield tag="300" ind1=" " ind2=" ">
    <subfield code="a">8 v. ;</subfield>
    <subfield code="c">28 cm.</subfield>
  </datafield>
  <datafield tag="500" ind1=" " ind2=" ">
    <subfield code="a">On the margin: al-Nahr al-mādd min al-Baḥr li-Abī Ḥayyān ayḍān. Wa-thānīhumā Kitāb al-Durr al-laqīṭ min al-Baḥr al-muḥīṭ li-talmīdh Abī Ḥayyān al-Imām Tāj al-Dīn Abī Muḥammad Aḥmad ibn ʻAbd al-Qādir ibn Aḥmad ibn Maktūb al-Qaysī al-Ḥanifī al-Naḥwī ..."</subfield>
  </datafield>
  <datafield tag="630" ind1="0" ind2="0">
    <subfield code="a">Qurʼan</subfield>
    <subfield code="x">Criticism, interpretation, etc.</subfield>
  </datafield>
  <datafield tag="700" ind1="0" ind2="2">
    <subfield code="a">Abū Ḥayyān Muḥammad ibn Yūsuf,</subfield>
    <subfield code="d">1256-1344.</subfield>
    <subfield code="t">Naḥr al-mādd min al-Baḥr.</subfield>
  </datafield>
  <datafield tag="700" ind1="1" ind2="2">
    <subfield code="a">Ibn Maktūm, Aḥmad ibn ʻAbd al-Qādir,</subfield>
    <subfield code="d">1284-1348.</subfield>
    <subfield code="t">Durr al-laqīṭ min al-Baḥr al-muḥīṭ.</subfield>
  </datafield>
  <datafield tag="955" ind1=" " ind2=" ">
    <subfield code="b">0026814773</subfield>
    <subfield code="d">glx</subfield>
    <subfield code="e">893.7K84 DA6</subfield>
    <subfield code="v">v.5</subfield>
  </datafield>
</record>
</collection>